@inproceedings {u-root,
author = {Ronald G. Minnich and Andrey Mirtchovski},
title = {U-root: A Go-based, Firmware Embeddable Root File System with On-demand Compilation},
booktitle = {2015 {USENIX} Annual Technical Conference ({USENIX} {ATC} 15)},
year = {2015},
isbn = {978-1-931971-225},
address = {Santa Clara, CA},
pages = {577--586},
url = {https://www.usenix.org/conference/atc15/technical-session/presentation/minnich},
publisher = {{USENIX} Association},
}
@article{upspin,
author = {Upspin authors},
url = "https://upspin.io/doc/overview.md",
title = {Upspin Overview},
year = {2017}
}
@inproceedings{minnich2000linux,
  title={The Linux BIOS.},
  author={Minnich, Ronald and Hendricks, James and Webster, Dale},
  booktitle={Annual Linux Showcase \& Conference},
  year={2000}
}